<?xml version="1.0" encoding="UTF-8"?>
<record xmlns="http://www.loc.gov/MARC21/slim" xmlns:xsi="http://www.w3.org/2001/XMLSchema-instance" xsi:schemaLocation="http://www.loc.gov/MARC21/slim http://www.loc.gov/standards/marcxml/schema/MARC21slim.xsd">
<leader>     cam a2200385 a 4500</leader>
<controlfield tag="001">001684477</controlfield>
<controlfield tag="003">NNU</controlfield>
<controlfield tag="005">20070223065311.0</controlfield>
<controlfield tag="008">880317s1953    sy            001 0 ara</controlfield>
<datafield tag="010" ind1=" " ind2=" ">
<subfield code="a">94964990 /NE</subfield>
</datafield>
<datafield tag="035" ind1="9" ind2=" ">
<subfield code="a">NYUb12227910</subfield>
</datafield>
<datafield tag="035" ind1=" " ind2=" ">
<subfield code="a">(NNU)NYUb12227910</subfield>
</datafield>
<datafield tag="035" ind1=" " ind2=" ">
<subfield code="a">(CStRLIN)NYUGB12227910-B</subfield>
</datafield>
<datafield tag="040" ind1=" " ind2=" ">
<subfield code="a">DLC-R</subfield>
<subfield code="c">DLC-R</subfield>
<subfield code="d">CStRLIN</subfield>
<subfield code="d">NNU</subfield>
</datafield>
<datafield tag="042" ind1=" " ind2=" ">
<subfield code="a">lcode</subfield>
</datafield>
<datafield tag="050" ind1="0" ind2="0">
<subfield code="a">BP195.I8</subfield>
<subfield code="b">W32 1953 &lt;AMED Arab&gt;</subfield>
</datafield>
<datafield tag="066" ind1=" " ind2=" ">
<subfield code="c">(3</subfield>
</datafield>
<datafield tag="090" ind1=" " ind2=" ">
<subfield code="a">BP195.I8</subfield>
<subfield code="b">A5</subfield>
</datafield>
<datafield tag="100" ind1="1" ind2=" ">
<subfield code="a">Wadāʻī, ʻAlī ibn Ḥanẓalah,</subfield>
<subfield code="d">d. 1229</subfield>
<subfield code="6">880-01</subfield>
</datafield>
<datafield tag="240" ind1="1" ind2="0">
<subfield code="6">880-02</subfield>
<subfield code="a">Simṭ al-ḥaqāʼiq</subfield>
</datafield>
<datafield tag="245" ind1="1" ind2="0">
<subfield code="6">880-03</subfield>
<subfield code="a">Kitāb Simṭ al-ḥaqāʼiq fī ʻaqāʼid al-Ismāʻīlīyah /</subfield>
<subfield code="c">taʼlīf ʻAlī ibn Ḥanẓalah ibn Abī Sālim al-Wadāʻī. ; ḥaqqaqahu wa-ʻallaqa ʻalayhi ʻAbbās al-ʻAzzāwī.</subfield>
</datafield>
<datafield tag="246" ind1="1" ind2=" ">
<subfield code="6">880-04</subfield>
<subfield code="i">Title on p. [4] of cover :</subfield>
<subfield code="b">Profession de foi ismaélienne de ʻAlī b. Ḥanẓala</subfield>
</datafield>
<datafield tag="246" ind1="3" ind2=" ">
<subfield code="6">880-05</subfield>
<subfield code="a">Simṭ al-ḥaqāʼiq</subfield>
</datafield>
<datafield tag="260" ind1=" " ind2=" ">
<subfield code="6">880-06</subfield>
<subfield code="a">Dimashq :</subfield>
<subfield code="b">al-Maʻhad al-Faransī bi-Dimashq lil-Dirāsāt al-ʻArabīyah,</subfield>
<subfield code="c">1953.</subfield>
</datafield>
<datafield tag="300" ind1=" " ind2=" ">
<subfield code="a">67 p.</subfield>
<subfield code="c">24 cm.</subfield>
</datafield>
<datafield tag="500" ind1=" " ind2=" ">
<subfield code="a">Includes indexes.</subfield>
</datafield>
<datafield tag="520" ind1=" " ind2=" ">
<subfield code="a">Islamic history; Ismailites; a classic work edited by a modern writer.</subfield>
</datafield>
<datafield tag="650" ind1=" " ind2="0">
<subfield code="a">Ismailites.</subfield>
</datafield>
<datafield tag="700" ind1="1" ind2=" ">
<subfield code="a">ʻAzzāwī, ʻAbbās</subfield>
<subfield code="6">880-07</subfield>
</datafield>
<datafield tag="880" ind1="1" ind2=" ">
<subfield code="6">100-01/</subfield>
<subfield code="a">وداعي، علي بن حنظلة.</subfield>
</datafield>
<datafield tag="880" ind1="1" ind2="0">
<subfield code="6">240-02/</subfield>
<subfield code="a">سمط الحقائق</subfield>
</datafield>
<datafield tag="880" ind1="1" ind2="0">
<subfield code="6">245-03/</subfield>
<subfield code="a">كتاب سمط الحقائق في عقائد الإسماعيلية /</subfield>
<subfield code="c">تأليف علي بن حنظلة بن أبي سالم الوداعي ؛ حققه وعلق عليه عباس العزاوي.</subfield>
</datafield>
<datafield tag="880" ind1="1" ind2=" ">
<subfield code="6">246-04/</subfield>
<subfield code="i">Title on p. [4] of cover :</subfield>
<subfield code="b">Profession de foi ismaelienne de علي بن حنظلة</subfield>
</datafield>
<datafield tag="880" ind1="3" ind2=" ">
<subfield code="6">246-05/</subfield>
<subfield code="a">سمط الحقائق</subfield>
</datafield>
<datafield tag="880" ind1=" " ind2=" ">
<subfield code="6">260-06/</subfield>
<subfield code="a">دمشق :</subfield>
<subfield code="b">المعهد الفرنسى بدمشق للدراسات العربية،</subfield>
<subfield code="c">1953.</subfield>
</datafield>
<datafield tag="880" ind1="1" ind2=" ">
<subfield code="6">700-07/</subfield>
<subfield code="a">عزاوي، عباس.</subfield>
</datafield>
<datafield tag="OWN" ind1=" " ind2=" ">
<subfield code="a">GENERAL</subfield>
</datafield>
<datafield tag="AVA" ind1=" " ind2=" ">
<subfield code="a">NYU50</subfield>
<subfield code="b">BOBST</subfield>
<subfield code="c">Main Collection</subfield>
<subfield code="d">BP195.I8 A5</subfield>
<subfield code="e">unavailable</subfield>
<subfield code="t">Unavailable</subfield>
<subfield code="f">1</subfield>
<subfield code="g">1</subfield>
<subfield code="h">N</subfield>
<subfield code="i">0</subfield>
<subfield code="j">MAIN</subfield>
<subfield code="k">0</subfield>
</datafield>
</record>
